@misc{Misc:uonsmartcampus,
  author  = {David Aldred; Dave Burgess (for Chris Parry); Neil Davidson; Nancy Hughes; Sue Jones; Emma Kemp;
Andy Nolan; Sarah Sharples; Andrew Ward},
  title   = {IMPETUS â€“ UoN / Smart Campus project},
  year    = 2016,
  month   = September
}
